<record xmlns="http://www.loc.gov/MARC21/slim" xmlns:xsi="http://www.w3.org/2001/XMLSchema-instance" xsi:schemaLocation="http://www.loc.gov/MARC21/slim http://www.loc.gov/standards/marcxml/schema/MARC21slim.xsd"><leader>     nam a22        4500</leader><controlfield tag="001">3058871</controlfield><controlfield tag="003">NNC</controlfield><controlfield tag="006">m        d        </controlfield><controlfield tag="007">cr cn |||m|||a</controlfield><controlfield tag="008">150313s1939    sy      o     000 0 arard</controlfield><datafield ind1=" " ind2=" " tag="040"><subfield code="a">NNU</subfield><subfield code="b">eng</subfield><subfield code="e">rda</subfield><subfield code="c">NNU</subfield></datafield><datafield ind1=" " ind2="4" tag="050"><subfield code="a">BP80.A52</subfield><subfield code="b">Z37 1939</subfield></datafield><datafield ind1="1" ind2=" " tag="100"><subfield code="a">Zarkashi&#772;, Muh&#803;ammad ibn Baha&#772;dur,</subfield><subfield code="d">1344 or 1345-1392.</subfield></datafield><datafield ind1="1" ind2="3" tag="245"><subfield code="a">al-Ija&#772;bah li-i&#772;ra&#772;d ma&#772; istadrakathu &#699;A&#772;&#700;ishah &#699;ala&#769; al-S&#803;ah&#803;a&#772;bah.</subfield><subfield code="b">Wa-fi&#772;hi tarjamah wa&#772;fiyah lil-sayyidah &#699;A&#772;&#700;ishah wa-baya&#772;n khas&#803;a&#772;&#700;isuha&#772; tafs&#803;i&#772;lan /</subfield><subfield code="c">li-Badr al-Di&#772;n al-Zarkashi&#772; ; &#699;ana&#769; bi-tah&#803;qi&#772;qihi&#772; wa-wad&#803;a&#699;a muqaddimatihi&#772; wa-ta&#699;a&#772;li&#772;qihi&#772; wa-faha&#772;risihi&#772; Sa&#699;i&#772;d al-Afgha&#772;ni&#772;.</subfield></datafield><datafield ind1=" " ind2=" " tag="260"><subfield code="a">Dimashq :</subfield><subfield code="b">al-Mat&#803;ba&#699;ah al-Ha&#772;shi&#772;mi&#772;yah,</subfield><subfield code="c">1939.</subfield></datafield><datafield ind1=" " ind2=" " tag="300"><subfield code="a">online resource (228 pages)</subfield></datafield><datafield ind1=" " ind2=" " tag="336"><subfield code="a">text</subfield><subfield code="2">rdacontent</subfield></datafield><datafield ind1=" " ind2=" " tag="337"><subfield code="a">computer</subfield><subfield code="2">rdamedia</subfield></datafield><datafield ind1=" " ind2=" " tag="338"><subfield code="a">online resource</subfield><subfield code="2">rdacarrier</subfield></datafield><datafield ind1=" " ind2=" " tag="500"><subfield code="a">Part of the Arabic Collections Online (ACO) project, contributed by Columbia University Libraries.</subfield></datafield><datafield ind1=" " ind2=" " tag="533"><subfield code="a">Electronic reproduction.</subfield><subfield code="b">New York, N.Y. :</subfield><subfield code="c">New York University,</subfield><subfield code="d">2015.</subfield><subfield code="5">NNU</subfield></datafield><datafield ind1="0" ind2="0" tag="600"><subfield code="a">&#699;A&#772;&#700;ishah,</subfield><subfield code="d">approximately 614-678.</subfield></datafield><datafield ind1="0" ind2="7" tag="600"><subfield code="a">&#699;A&#772;&#700;ishah,</subfield><subfield code="d">approximately 614-678.</subfield><subfield code="2">fast</subfield><subfield code="0">(OCoLC)fst01803666</subfield></datafield><datafield ind1="2" ind2=" " tag="710"><subfield code="a">Columbia University.</subfield><subfield code="b">Libraries.</subfield></datafield><datafield ind1="0" ind2=" " tag="730"><subfield code="a">Arabic Collections Online.</subfield></datafield><datafield ind1="0" ind2="8" tag="776"><subfield code="i">Online version:</subfield><subfield code="a">Zarkashi&#772;, Muh&#803;ammad ibn Baha&#772;dur, 1344 or 5-1392.</subfield><subfield code="t">Ija&#772;bah li-i&#772;ra&#772;d ma&#772; istadrakathu &#699;A&#772;&#700;ishah &#699;ala&#769; al-S&#803;ah&#803;a&#772;bah.</subfield><subfield code="d">Dimashq : al-Mat&#803;ba&#699;ah al-Ha&#772;shi&#772;mi&#772;yah, 1939</subfield><subfield code="w">(OCoLC)613273770</subfield></datafield><datafield ind1="0" ind2="8" tag="776"><subfield code="i">Print version:</subfield><subfield code="a">Zarkashi&#772;, Muh&#803;ammad ibn Baha&#772;dur, 1344 or 1345-1392.</subfield><subfield code="t">al-Ija&#772;bah li-i&#772;ra&#772;d ma&#772; istadrakathu &#699;A&#772;&#700;ishah &#699;ala&#769; al-S&#803;ah&#803;a&#772;bah</subfield><subfield code="w">(NNC)3058871</subfield><subfield code="w">(OCoLC)28765534</subfield></datafield><datafield ind1="4" ind2="0" tag="856"><subfield code="u">http://hdl.handle.net/2333.1/7sqv9vhs</subfield></datafield><datafield ind1=" " ind2=" " tag="959"><subfield code="a">NNU</subfield><subfield code="b">WEB</subfield><subfield code="c">GENI</subfield><subfield code="t">0</subfield><subfield code="m">Electronic access</subfield><subfield code="s">01</subfield></datafield><datafield ind1=" " ind2=" " tag="999"><subfield code="i">NNC_3058871</subfield><subfield code="o">(OCoLC)ocm28765534 </subfield><subfield code="s">columbia_aco000450</subfield><subfield code="e">(ERROR-880)</subfield></datafield></record>